@inproceedings{Isradisaikul:2013:REP:2491956.2462194,
 author = {Isradisaikul, Chinawat and Myers, Andrew C.},
 title = {Reconciling Exhaustive Pattern Matching with Objects},
 booktitle = {Proceedings of the 34th ACM SIGPLAN Conference on Programming Language Design and Implementation},
 series = {PLDI '13},
 year = {2013},
 isbn = {978-1-4503-2014-6},
 location = {Seattle, Washington, USA},
 pages = {343--354},
 numpages = {12},
 url = {http://doi.acm.org/10.1145/2491956.2462194},
 doi = {10.1145/2491956.2462194},
 acmid = {2462194},
 publisher = {ACM},
 address = {New York, NY, USA},
 keywords = {data abstraction, equality constructor, exhaustiveness, java, jmatch, matching specification, modal abstraction, named constructor, pattern matching, redundancy, subtyping},
}