@inproceedings{Isradisaikul:2015:FCP:2737924.2737961,
 author = {Isradisaikul, Chinawat and Myers, Andrew C.},
 title = {Finding Counterexamples from Parsing Conflicts},
 booktitle = {Proceedings of the 36th ACM SIGPLAN Conference on Programming Language Design and Implementation},
 series = {PLDI '15},
 year = {2015},
 isbn = {978-1-4503-3468-6},
 location = {Portland, OR, USA},
 pages = {555--564},
 numpages = {10},
 url = {http://doi.acm.org/10.1145/2737924.2737961},
 doi = {10.1145/2737924.2737961},
 acmid = {2737961},
 publisher = {ACM},
 address = {New York, NY, USA},
 keywords = {Context-free grammar, ambiguous grammar, error diagnosis, lookahead-sensitive path, product parser, shift-reduce parser},
}